<record><leader>00000cas a2200000 a 4500</leader><controlfield tag="001">16680138</controlfield><controlfield tag="008">870914d18uu183uilusr ne      0   a0eng c</controlfield><datafield ind1=" " ind2=" " tag="010"><subfield code="a">sn 91054135 </subfield></datafield><datafield ind1=" " ind2=" " tag="040"><subfield code="a">WIH</subfield><subfield code="b">eng</subfield><subfield code="c">WIH</subfield><subfield code="d">NVF</subfield><subfield code="d">OCL</subfield><subfield code="d">NVF</subfield><subfield code="d">OCLCF</subfield><subfield code="d">OCLCO</subfield><subfield code="d">NVF</subfield></datafield><datafield ind1=" " ind2=" " tag="042"><subfield code="a">pcc</subfield></datafield><datafield ind1=" " ind2=" " tag="043"><subfield code="a">n-us---</subfield></datafield><datafield ind1="0" ind2=" " tag="130"><subfield code="a">Pioneer (Rock Spring, Ill.)</subfield></datafield><datafield ind1="1" ind2="4" tag="245"><subfield code="a">The pioneer.</subfield></datafield><datafield ind1=" " ind2=" " tag="260"><subfield code="a">Rock-Spring, Ill. :</subfield><subfield code="b">J.M. Peck &amp; A. Smith</subfield></datafield><datafield ind1=" " ind2=" " tag="300"><subfield code="a">v.</subfield></datafield><datafield ind1=" " ind2=" " tag="310"><subfield code="a">Semimonthly</subfield></datafield><datafield ind1=" " ind2=" " tag="588"><subfield code="a">Description based on: Vol. 7, no. 1 (July 17, 1835) = whole no. 176.</subfield></datafield><datafield ind1=" " ind2=" " tag="588"><subfield code="a">Latest issue consulted: Vol. 7, no. 1 (July 17, 1835) = whole no. 176.</subfield></datafield><datafield ind1=" " ind2="0" tag="650"><subfield code="a">Christianity</subfield><subfield code="z">United States</subfield><subfield code="v">Newspapers.</subfield></datafield><datafield ind1=" " ind2="0" tag="651"><subfield code="a">Rock Spring (Ill.)</subfield><subfield code="v">Newspapers.</subfield></datafield><datafield ind1=" " ind2="7" tag="650"><subfield code="a">Christianity.</subfield><subfield code="2">fast</subfield><subfield code="0">(OCoLC)fst00859599</subfield></datafield><datafield ind1=" " ind2="7" tag="651"><subfield code="a">Illinois</subfield><subfield code="z">Rock Spring.</subfield><subfield code="2">fast</subfield><subfield code="0">(OCoLC)fst01263720</subfield></datafield><datafield ind1=" " ind2="7" tag="651"><subfield code="a">United States.</subfield><subfield code="2">fast</subfield><subfield code="0">(OCoLC)fst01204155</subfield></datafield><datafield ind1=" " ind2="7" tag="655"><subfield code="a">Newspapers.</subfield><subfield code="2">fast</subfield><subfield code="0">(OCoLC)fst01423814</subfield></datafield><datafield ind1=" " ind2=" " tag="752"><subfield code="a">United States</subfield><subfield code="b">Illinois</subfield><subfield code="c">Saint Clair County</subfield><subfield code="d">Rock Spring.</subfield></datafield><datafield ind1="0" ind2="0" tag="785"><subfield code="t">Western pioneer and Baptist standard-bearer</subfield><subfield code="w">(DLC)sn 91054134</subfield><subfield code="w">(OCoLC)16680203</subfield></datafield></record>